@article{jia2014caffe,
  Author = {Jia, Yangqing et al.},
  Journal = {arXiv preprint arXiv:1408.5093},
  Title = {Caffe: Convolutional Architecture for Fast Feature Embedding},
  Year = {2014}
}

@online{clarify,
    author = {clarify},
    title = {Product},
    year = {2016},
    url = {https://www.clarifai.com/technology},
    urldate = {2016-11-19}
}